<?xml version="1.0" encoding="UTF-8"?>
<marc:record xmlns:marc="http://www.loc.gov/MARC21/slim" xmlns:xsi="http://www.w3.org/2001/XMLSchema-instance" xsi:schemaLocation="http://www.loc.gov/standards/marcxml/schema/MARC21slim.xsd">
  <marc:leader>00000ncc a2200000 u 4500</marc:leader>
  <marc:controlfield tag="001">990069887</marc:controlfield>
  <marc:controlfield tag="003">DE-633</marc:controlfield>
  <marc:controlfield tag="005">20181216092637.0</marc:controlfield>
  <marc:controlfield tag="008">161111##################################</marc:controlfield>
  <marc:datafield tag="035" ind1=" " ind2=" ">
    <marc:subfield code="a">Z 200; ZZ 200</marc:subfield>
  </marc:datafield>
  <marc:datafield tag="040" ind1=" " ind2=" ">
    <marc:subfield code="a">DE-633</marc:subfield>
  </marc:datafield>
  <marc:datafield tag="100" ind1="1" ind2=" ">
    <marc:subfield code="a">Zieleński, Mikołaj</marc:subfield>
    <marc:subfield code="d">1550c-1615c</marc:subfield>
    <marc:subfield code="0">pe30013481</marc:subfield>
  </marc:datafield>
  <marc:datafield tag="240" ind1="1" ind2="0">
    <marc:subfield code="a">Communions</marc:subfield>
    <marc:subfield code="m">X V, X i</marc:subfield>
    <marc:subfield code="0">4134130</marc:subfield>
  </marc:datafield>
  <marc:datafield tag="245" ind1="1" ind2="0">
    <marc:subfield code="a">Communiones totius anni quibus in solennioribus festis Sanctae Romanae Ecclesiae uti consuevit ad cantum organi per unam, duas, tres, quattuor, quinque, et sex voces tum instrumentis musicalibus, et vocis resolutione, quam itali gorgia vocant, decantandae. His accesserunt aliquot simphoniae quattuor, quinque, &amp; sex vocum, &amp; tres fantasiae instrumentis musicalibus accommodatae. [Venezia, Giacomo Vincenti]</marc:subfield>
  </marc:datafield>
  <marc:datafield tag="260" ind1=" " ind2=" ">
    <marc:subfield code="c">1611</marc:subfield>
    <marc:subfield code="8">01</marc:subfield>
  </marc:datafield>
  <marc:datafield tag="300" ind1="1" ind2="0">
    <marc:subfield code="a">part(s)</marc:subfield>
    <marc:subfield code="8">01</marc:subfield>
    <marc:subfield code="3"/>
  </marc:datafield>
  <marc:datafield tag="510" ind1=" " ind2=" ">
    <marc:subfield code="a">RISM A/I</marc:subfield>
    <marc:subfield code="c">Z 200; ZZ 200</marc:subfield>
  </marc:datafield>
  <marc:datafield tag="593" ind1="1" ind2="0">
    <marc:subfield code="a">Print</marc:subfield>
    <marc:subfield code="8">01</marc:subfield>
  </marc:datafield>
  <marc:datafield tag="599" ind1=" " ind2=" ">
    <marc:subfield code="b">full</marc:subfield>
  </marc:datafield>
  <marc:datafield tag="710" ind1=" " ind2=" ">
    <marc:subfield code="a">Vincenti, Giacomo</marc:subfield>
    <marc:subfield code="0">ks40011067</marc:subfield>
    <marc:subfield code="4">pbl</marc:subfield>
    <marc:subfield code="3"/>
  </marc:datafield>
  <marc:datafield tag="852" ind1="1" ind2="0">
    <marc:subfield code="a">PL-Kc</marc:subfield>
    <marc:subfield code="e">Muzeum Narodowe w Krakowie. Biblioteka Książąt Czartoryskich</marc:subfield>
    <marc:subfield code="x">ks30002076</marc:subfield>
    <marc:subfield code="3">268927</marc:subfield>
    <marc:subfield code="c">[no indication]</marc:subfield>
    <marc:subfield code="p"/>
    <marc:subfield code="q">unvollständig</marc:subfield>
    <marc:subfield code="u"/>
    <marc:subfield code="z"/>
  </marc:datafield>
  <marc:datafield tag="852" ind1="1" ind2="0">
    <marc:subfield code="a">PL-Kj</marc:subfield>
    <marc:subfield code="e">Biblioteka Jagiellońska</marc:subfield>
    <marc:subfield code="x">ks30002079</marc:subfield>
    <marc:subfield code="3">268928</marc:subfield>
    <marc:subfield code="c">[no indication]</marc:subfield>
    <marc:subfield code="p"/>
    <marc:subfield code="q">S</marc:subfield>
    <marc:subfield code="u"/>
    <marc:subfield code="z"/>
  </marc:datafield>
  <marc:datafield tag="852" ind1="1" ind2="0">
    <marc:subfield code="a">PL-WRu</marc:subfield>
    <marc:subfield code="e">Biblioteka Uniwersytecka</marc:subfield>
    <marc:subfield code="x">ks30002111</marc:subfield>
    <marc:subfield code="3">268929</marc:subfield>
    <marc:subfield code="c">[no indication]</marc:subfield>
    <marc:subfield code="p"/>
    <marc:subfield code="q">unvollständig</marc:subfield>
    <marc:subfield code="u"/>
    <marc:subfield code="z"/>
  </marc:datafield>
</marc:record>
